@misc{mpl,
	title="Matplotlib: Visualization with Python [Электронный ресурс].",
	howpublished="Режим доступа: \url{https://matplotlib.org/} (дата обращения: 27.09.2022)",	
}

@misc{processor,
	title="Процессор Intel® Core™ i5-10300H. [Электронный ресурс]",
	howpublished="Режим доступа: \url{https://ark.intel.com/content/www/ru/ru/ark/products/201839/intel-core-i510300h-processor-8m-cache-up-to-4-50-ghz.html} (дата обращения: 27.09.2022)"
}

@misc{Kurov,
	title="Куров А.В. Курс лекций по компьютерной графике. --- 2022",
}

@book{rodgers,
	author={Д.~Роджерс, Дж.~Адамс},
	title={<<Математические основы машинной графики>>},
	publisher={М.: -- Мир},
	year={2001},
	pages={603}
}


@article{fong, 
	title={A Radiative Transfer Model-Based Multi-Layered Regression Learning to Estimate Shadow Map in Hyperspectral Images}, 
	volume={1}, 
	ISSN={2504-4990}, 
	url={http://dx.doi.org/10.3390/make1030052}, 
	DOI={10.3390/make1030052}, 
	number={3}, 
	journal={Machine Learning and Knowledge Extraction}, 
	publisher={MDPI AG}, 
	author={Zahidi, Usman A. and Chatterjee, Ayan and Yuen, Peter W. T.},
	year={2019}, 
	month={Aug}, 
	pages={904–927},
	language={english} 
}


@Book{angeom,
	author    = {А. Н. Канатников, А. П. Крищенко},
	pages     = {376},
	publisher = {М.: Издательство МГТУ им. Н.Э. Баумана},
	title     = {Аналитическая геометрия: Учебник для вузов},
	year      = {2019},
	language  = {russian},
	edition   = {9-е},
}

@misc{ray_sphere,
	title="Ярошевич В.А. Компьютерная графика : практические занятия, лабораторный практикум [Электронный ресурс].",
	howpublished="Режим доступа: \url{http://miet.aha.ru/cg/cg_2015.pdf} (дата обращения: 27.10.2022)",	
}

@misc{cpp,
	title="Документация языка С++ [Электронный ресурс].",
	howpublished="Режим доступа: \url{https://docs.microsoft.com/ru-ru/cpp/cpp/?view=msvc-170} (дата обращения: 27.11.2022)",	
}

@misc{qt,
	title="Документация библиотеки Qt [Электронный ресурс].",
	howpublished="Режим доступа: \url{https://doc.qt.io} (дата обращения: 27.11.2022)",	
}

@misc{clock,
	title="Структура system\_clock. [Электронный ресурс]",
	howpublished="Режим доступа: \url{https://learn.microsoft.com/ru-ru/cpp/standard-library/system-clock-structure?view=msvc-170} (дата обращения: 10.11.2022)",
}
